{
  "leader": "05194cam a2200781Ia 4500",
  "fields": [
    {
      "001": "ocm46997962\\"
    },
    {
      "003": "OCoLC"
    },
    {
      "005": "20220103111829.0"
    },
    {
      "008": "010606s2001\\\\\\\\njua\\\\\\\\\\b\\\\\\\\001\\0deng\\\\"
    },
    {
      "010": {
        "ind1": "\\",
        "ind2": "\\",
        "subfields": [
          {
            "a": "  2001036259"
          }
        ]
      }
    },
    {
      "040": {
        "ind1": "\\",
        "ind2": "\\",
        "subfields": [
          {
            "a": "DLC"
          },
          {
            "b": "eng"
          },
          {
            "c": "DLC"
          },
          {
            "d": "UKM"
          },
          {
            "d": "BAKER"
          },
          {
            "d": "NLGGC"
          },
          {
            "d": "BTCTA"
          },
          {
            "d": "YDXCP"
          },
          {
            "d": "IG#"
          },
          {
            "d": "GEBAY"
          },
          {
            "d": "EXW"
          },
          {
            "d": "ZWZ"
          },
          {
            "d": "DEBBG"
          },
          {
            "d": "UKMGB"
          },
          {
            "d": "BDX"
          },
          {
            "d": "HY0"
          },
          {
            "d": "UV1"
          },
          {
            "d": "CUD"
          },
          {
            "d": "ITJCU"
          },
          {
            "d": "OCLCQ"
          },
          {
            "d": "CSJ"
          },
          {
            "d": "OCLCO"
          },
          {
            "d": "DHA"
          },
          {
            "d": "OCLCA"
          },
          {
            "d": "OCLCQ"
          },
          {
            "d": "OCLCO"
          },
          {
            "d": "OCLCQ"
          },
          {
            "d": "OCLCF"
          },
          {
            "d": "CCH"
          },
          {
            "d": "OCLCQ"
          },
          {
            "d": "OCLCO"
          },
          {
            "d": "OCLCQ"
          },
          {
            "d": "EUM"
          },
          {
            "d": "OCLCO"
          },
          {
            "d": "OCLCQ"
          },
          {
            "d": "OCLCO"
          },
          {
            "d": "OCLCA"
          },
          {
            "d": "OCLCQ"
          },
          {
            "d": "L2U"
          },
          {
            "d": "OCL"
          },
          {
            "d": "MM9"
          },
          {
            "d": "IL4J6"
          },
          {
            "d": "OCLCO"
          },
          {
            "d": "OCLCQ"
          },
          {
            "d": "OCLCO"
          }
        ]
      }
    },
    {
      "015": {
        "ind1": "\\",
        "ind2": "\\",
        "subfields": [
          {
            "a": "GBA210247"
          },
          {
            "2": "bnb"
          }
        ]
      }
    },
    {
      "015": {
        "ind1": "\\",
        "ind2": "\\",
        "subfields": [
          {
            "a": "GBA2W2996"
          },
          {
            "2": "bnb"
          }
        ]
      }
    },
    {
      "016": {
        "ind1": "7",
        "ind2": "\\",
        "subfields": [
          {
            "a": "011083323"
          },
          {
            "2": "Uk"
          }
        ]
      }
    },
    {
      "019": {
        "ind1": "\\",
        "ind2": "\\",
        "subfields": [
          {
            "a": "54021087"
          },
          {
            "a": "987027636"
          }
        ]
      }
    },
    {
      "020": {
        "ind1": "\\",
        "ind2": "\\",
        "subfields": [
          {
            "a": "0691074798"
          },
          {
            "q": "(alk. paper)"
          }
        ]
      }
    },
    {
      "020": {
        "ind1": "\\",
        "ind2": "\\",
        "subfields": [
          {
            "a": "9780691074795"
          },
          {
            "q": "(alk. paper)"
          }
        ]
      }
    },
    {
      "020": {
        "ind1": "\\",
        "ind2": "\\",
        "subfields": [
          {
            "a": "0691102562"
          }
        ]
      }
    },
    {
      "020": {
        "ind1": "\\",
        "ind2": "\\",
        "subfields": [
          {
            "a": "9780691102566"
          }
        ]
      }
    },
    {
      "035": {
        "ind1": "\\",
        "ind2": "\\",
        "subfields": [
          {
            "a": "(OCoLC)46997962"
          },
          {
            "z": "(OCoLC)54021087"
          },
          {
            "z": "(OCoLC)987027636"
          }
        ]
      }
    },
    {
      "042": {
        "ind1": "\\",
        "ind2": "\\",
        "subfields": [
          {
            "a": "pcc"
          }
        ]
      }
    },
    {
      "043": {
        "ind1": "\\",
        "ind2": "\\",
        "subfields": [
          {
            "a": "e------"
          },
          {
            "a": "n-us---"
          }
        ]
      }
    },
    {
      "050": {
        "ind1": "0",
        "ind2": "0",
        "subfields": [
          {
            "a": "D840"
          },
          {
            "b": ".B422 2001"
          }
        ]
      }
    },
    {
      "082": {
        "ind1": "0",
        "ind2": "0",
        "subfields": [
          {
            "a": "303.482407309045"
          },
          {
            "b": "BER"
          }
        ]
      }
    },
    {
      "100": {
        "ind1": "1",
        "ind2": "\\",
        "subfields": [
          {
            "a": "Berghahn, Volker R."
          },
          {
            "q": "(Volker Rolf),"
          },
          {
            "d": "1938-"
          }
        ]
      }
    },
    {
      "245": {
        "ind1": "1",
        "ind2": "0",
        "subfields": [
          {
            "a": "America and the intellectual cold wars in Europe :"
          },
          {
            "b": "Shepard Stone between philanthropy, academy, and diplomacy /"
          },
          {
            "c": "Volker R. Berghahn."
          }
        ]
      }
    },
    {
      "260": {
        "ind1": "\\",
        "ind2": "\\",
        "subfields": [
          {
            "a": "Princeton, N.J. :"
          },
          {
            "b": "Princeton University Press,"
          },
          {
            "c": "\u00a92001."
          }
        ]
      }
    },
    {
      "300": {
        "ind1": "\\",
        "ind2": "\\",
        "subfields": [
          {
            "a": "xx, 373 pages :"
          },
          {
            "b": "illustrations ;"
          },
          {
            "c": "24 cm"
          }
        ]
      }
    },
    {
      "336": {
        "ind1": "\\",
        "ind2": "\\",
        "subfields": [
          {
            "a": "text"
          },
          {
            "b": "txt"
          },
          {
            "2": "rdacontent"
          }
        ]
      }
    },
    {
      "337": {
        "ind1": "\\",
        "ind2": "\\",
        "subfields": [
          {
            "a": "unmediated"
          },
          {
            "b": "n"
          },
          {
            "2": "rdamedia"
          }
        ]
      }
    },
    {
      "338": {
        "ind1": "\\",
        "ind2": "\\",
        "subfields": [
          {
            "a": "volume"
          },
          {
            "b": "nc"
          },
          {
            "2": "rdacarrier"
          }
        ]
      }
    },
    {
      "504": {
        "ind1": "\\",
        "ind2": "\\",
        "subfields": [
          {
            "a": "Includes bibliographical references (pages 301-361) and index."
          }
        ]
      }
    },
    {
      "505": {
        "ind1": "0",
        "ind2": "0",
        "subfields": [
          {
            "t": "From Nashua and Berlin to Pearl Harbor --"
          },
          {
            "t": "Nashua (New Hampshire) and Dartmouth College --"
          },
          {
            "t": "Student in Weimar Germany --"
          },
          {
            "t": "Reporting on Europe and Hitler --"
          },
          {
            "t": "Rescue from the Holocaust --"
          },
          {
            "t": "Defeating and Rebuilding Germany --"
          },
          {
            "t": "War Service in Europe --"
          },
          {
            "t": "Occupied Germany --"
          },
          {
            "t": "Working for U.S. Military Government --"
          },
          {
            "t": "Back with the New York Times --"
          },
          {
            "t": "Public Opinion and High Politics in Semisovereign West Germany --"
          },
          {
            "t": "Joining U.S. High Commissioner John J. McCloy --"
          },
          {
            "t": "Stone's German-American Network --"
          },
          {
            "t": "McCloy's \"Harry Hopkins\" --"
          },
          {
            "t": "Supporting a Democratic Press --"
          },
          {
            "t": "Mass Society and the Threat of Totalitarianism --"
          },
          {
            "t": "Elites and Masses --"
          },
          {
            "t": "Visions of America --"
          },
          {
            "t": "Totalitarian Dictatorships --"
          },
          {
            "t": "The Debate on Culture in America --"
          },
          {
            "t": "Western Intellectuals and the Cold Culture Wars of the Congress for Cultural Freedom (CCF) --"
          },
          {
            "t": "Mass Culture and the Congress for Cultural Freedom --"
          },
          {
            "t": "Communists and Ex-Communists --"
          },
          {
            "t": "Rallying the Anti-Soviet Left --"
          },
          {
            "t": "The Growth of the CCF Empire --"
          },
          {
            "t": "Internationalizing the Ford Foundation --"
          },
          {
            "t": "The Biggest Philanthropic Organization in the World --"
          },
          {
            "t": "The Conditions of Peace Project --"
          },
          {
            "t": "The Struggle for a European Program --"
          },
          {
            "t": "Exporting American Culture --"
          },
          {
            "t": "Philanthropy and Diplomacy --"
          },
          {
            "t": "Ford's International Program --"
          },
          {
            "t": "Looking East --"
          },
          {
            "t": "Midwife to European Philanthropy --"
          },
          {
            "t": "Cultural and Political Investments --"
          },
          {
            "t": "The CIA, the Ford Foundation, and the Demise of the CCF Empire --"
          },
          {
            "t": "The U.S. Government and the Funding of Culture --"
          },
          {
            "t": "The Ford Foundation's Washington Connections --"
          },
          {
            "t": "Rescuing the CCF --"
          },
          {
            "t": "Scandal and Collapse."
          }
        ]
      }
    },
    {
      "600": {
        "ind1": "1",
        "ind2": "0",
        "subfields": [
          {
            "a": "Stone, Shepard."
          }
        ]
      }
    },
    {
      "650": {
        "ind1": "\\",
        "ind2": "0",
        "subfields": [
          {
            "a": "Cold War"
          },
          {
            "x": "Public opinion."
          }
        ]
      }
    },
    {
      "651": {
        "ind1": "\\",
        "ind2": "0",
        "subfields": [
          {
            "a": "United States"
          },
          {
            "x": "Foreign public opinion, European."
          }
        ]
      }
    },
    {
      "650": {
        "ind1": "\\",
        "ind2": "0",
        "subfields": [
          {
            "a": "Public opinion"
          },
          {
            "z": "Europe"
          },
          {
            "x": "History"
          },
          {
            "y": "20th century."
          }
        ]
      }
    },
    {
      "651": {
        "ind1": "\\",
        "ind2": "0",
        "subfields": [
          {
            "a": "United States"
          },
          {
            "x": "Relations"
          },
          {
            "z": "Europe."
          }
        ]
      }
    },
    {
      "651": {
        "ind1": "\\",
        "ind2": "0",
        "subfields": [
          {
            "a": "Europe"
          },
          {
            "x": "Relations"
          },
          {
            "z": "United States."
          }
        ]
      }
    },
    {
      "651": {
        "ind1": "\\",
        "ind2": "0",
        "subfields": [
          {
            "a": "United States"
          },
          {
            "x": "Cultural policy."
          }
        ]
      }
    },
    {
      "650": {
        "ind1": "\\",
        "ind2": "0",
        "subfields": [
          {
            "a": "Ideology."
          }
        ]
      }
    },
    {
      "650": {
        "ind1": "\\",
        "ind2": "0",
        "subfields": [
          {
            "a": "Anti-Americanism"
          },
          {
            "z": "Europe."
          }
        ]
      }
    },
    {
      "651": {
        "ind1": "\\",
        "ind2": "0",
        "subfields": [
          {
            "a": "United States"
          },
          {
            "x": "Foreign relations"
          },
          {
            "y": "1945-1989"
          },
          {
            "x": "Public opinion."
          }
        ]
      }
    },
    {
      "650": {
        "ind1": "\\",
        "ind2": "0",
        "subfields": [
          {
            "a": "Economic assistance, American"
          },
          {
            "z": "Europe."
          }
        ]
      }
    },
    {
      "600": {
        "ind1": "1",
        "ind2": "7",
        "subfields": [
          {
            "a": "Stone, Shepard."
          },
          {
            "2": "fast"
          },
          {
            "0": "(OCoLC)fst00271325"
          }
        ]
      }
    },
    {
      "650": {
        "ind1": "\\",
        "ind2": "7",
        "subfields": [
          {
            "a": "Anti-Americanism."
          },
          {
            "2": "fast"
          },
          {
            "0": "(OCoLC)fst00810284"
          }
        ]
      }
    },
    {
      "650": {
        "ind1": "\\",
        "ind2": "7",
        "subfields": [
          {
            "a": "Cultural policy."
          },
          {
            "2": "fast"
          },
          {
            "0": "(OCoLC)fst00885007"
          }
        ]
      }
    },
    {
      "650": {
        "ind1": "\\",
        "ind2": "7",
        "subfields": [
          {
            "a": "Economic assistance, American."
          },
          {
            "2": "fast"
          },
          {
            "0": "(OCoLC)fst00901618"
          }
        ]
      }
    },
    {
      "650": {
        "ind1": "\\",
        "ind2": "7",
        "subfields": [
          {
            "a": "Ideology."
          },
          {
            "2": "fast"
          },
          {
            "0": "(OCoLC)fst00966915"
          }
        ]
      }
    },
    {
      "650": {
        "ind1": "\\",
        "ind2": "7",
        "subfields": [
          {
            "a": "International relations."
          },
          {
            "2": "fast"
          },
          {
            "0": "(OCoLC)fst00977053"
          }
        ]
      }
    },
    {
      "650": {
        "ind1": "\\",
        "ind2": "7",
        "subfields": [
          {
            "a": "Public opinion."
          },
          {
            "2": "fast"
          },
          {
            "0": "(OCoLC)fst01082785"
          }
        ]
      }
    },
    {
      "650": {
        "ind1": "\\",
        "ind2": "7",
        "subfields": [
          {
            "a": "Public opinion, European."
          },
          {
            "2": "fast"
          },
          {
            "0": "(OCoLC)fst01354108"
          }
        ]
      }
    },
    {
      "650": {
        "ind1": "\\",
        "ind2": "7",
        "subfields": [
          {
            "a": "War"
          },
          {
            "x": "Public opinion."
          },
          {
            "2": "fast"
          },
          {
            "0": "(OCoLC)fst01170368"
          }
        ]
      }
    },
    {
      "651": {
        "ind1": "\\",
        "ind2": "7",
        "subfields": [
          {
            "a": "Europe."
          },
          {
            "2": "fast"
          },
          {
            "0": "(OCoLC)fst01245064"
          }
        ]
      }
    },
    {
      "651": {
        "ind1": "\\",
        "ind2": "7",
        "subfields": [
          {
            "a": "United States."
          },
          {
            "2": "fast"
          },
          {
            "0": "(OCoLC)fst01204155"
          }
        ]
      }
    },
    {
      "647": {
        "ind1": "\\",
        "ind2": "7",
        "subfields": [
          {
            "a": "Cold War"
          },
          {
            "d": "(1945-1989)"
          },
          {
            "2": "fast"
          },
          {
            "0": "(OCoLC)fst01754978"
          }
        ]
      }
    },
    {
      "648": {
        "ind1": "\\",
        "ind2": "7",
        "subfields": [
          {
            "a": "1900-1999"
          },
          {
            "2": "fast"
          }
        ]
      }
    },
    {
      "655": {
        "ind1": "\\",
        "ind2": "7",
        "subfields": [
          {
            "a": "History."
          },
          {
            "2": "fast"
          },
          {
            "0": "(OCoLC)fst01411628"
          }
        ]
      }
    },
    {
      "856": {
        "ind1": "4",
        "ind2": "1",
        "subfields": [
          {
            "3": "Sample text"
          },
          {
            "u": "http://catdir.loc.gov/catdir/samples/prin031/2001036259.html"
          }
        ]
      }
    },
    {
      "856": {
        "ind1": "4",
        "ind2": "1",
        "subfields": [
          {
            "3": "Table of contents"
          },
          {
            "u": "http://catdir.loc.gov/catdir/toc/prin031/2001036259.html"
          }
        ]
      }
    },
    {
      "856": {
        "ind1": "4",
        "ind2": "2",
        "subfields": [
          {
            "3": "Book review (H-Net)"
          },
          {
            "u": "http://www.h-net.org/review/hrev-a0c3u1-aa"
          }
        ]
      }
    },
    {
      "856": {
        "ind1": "4",
        "ind2": "2",
        "subfields": [
          {
            "3": "Book review (H-Net)"
          },
          {
            "u": "http://www.h-net.org/reviews/showrev.php?id=16855"
          }
        ]
      }
    },
    {
      "856": {
        "ind1": "4",
        "ind2": "2",
        "subfields": [
          {
            "3": "Publisher description"
          },
          {
            "u": "http://catdir.loc.gov/catdir/description/prin022/2001036259.html"
          }
        ]
      }
    },
    {
      "856": {
        "ind1": "4",
        "ind2": "\\",
        "subfields": [
          {
            "u": "http://bvbm1.bib-bvb.de/webclient/DeliveryManager?pid=210965&custom_att_2=simple_viewer"
          },
          {
            "z": "Rezension"
          }
        ]
      }
    },
    {
      "856": {
        "ind1": "4",
        "ind2": "\\",
        "subfields": [
          {
            "u": "http://digital.bib-bvb.de/webclient/DeliveryManager?pid=210965&custom_att_2=simple_viewer"
          },
          {
            "z": "Rezension"
          }
        ]
      }
    },
    {
      "994": {
        "ind1": "\\",
        "ind2": "\\",
        "subfields": [
          {
            "a": "Z0"
          },
          {
            "b": "NYRVC"
          }
        ]
      }
    },
    {
      "948": {
        "ind1": "\\",
        "ind2": "\\",
        "subfields": [
          {
            "h": "NO HOLDINGS IN NYRVC - 505 OTHER HOLDINGS"
          }
        ]
      }
    },
    {
      "999": {
        "ind1": "\\",
        "ind2": "\\",
        "subfields": [
          {
            "a": "00000000025302"
          }
        ]
      }
    }
  ]
}